% BiBTeX Sample Database

@Preamble{ {\hyphenation{Post-Script Sprin-ger}}
}

@String{AW = {{Ad\-di\-son-Wes\-ley}}}
@String{AW:adr = {Reading, Massachusetts}}
@String{j-TUGboat = {TUGboat}}

}
@Book{leader,
     author    = "Leader, E.",
     title     = "Spin in Particle Physics",
     publisher = "Cambridge University Press",
     address   = "The Edinburgh Building, Cambridge CB2 2RU, UK",
     year      = "2005" 
}


@misc{BDX_Oct14,
        Author = {Battaglieri, M.},
        Institution = {INFN-GE Italy},
        Month = oct,
        Note = {\url{http://wiki.ge.infn.it/hps/images/9/93/Bdx-hps-nov14.pdf}, p. 12 and 18},
        Title = {BDX Dark matter search in a Beam Dump eXperiment at Jefferson Lab: an update},
        Year = 2014
}	

@techreport{log3681398,
        Author = {Smith, E.S.},
        Institution = {Jefferson Lab},
        Month = may,
        Note = {\url{https://logbooks.jlab.org/entry/3681398}},
        Number = {Log Book Entry 3681398},
        Title = {{Followup: Photon Efficiencies with Costhe Method}},
        Year = 2019
}

@techreport{log3681014,
        Author = {Smith, E.S.},
        Institution = {Jefferson Lab},
        Month = may,
        Note = {\url{https://logbooks.jlab.org/entry/3681014}},
        Number = {Log Book Entry 3681014},
        Title = {{Re: Photon Efficiencies with Costhe Method}},
        Year = 2019
}

@techreport{log3689956,
        Author = {Smith, E.S.},
        Institution = {Jefferson Lab},
        Month = jun,
        Note = {\url{https://logbooks.jlab.org/entry/3689956}},
        Number = {Log Book Entry 3689956},
        Title = {{Re: Photon Efficiencies with Costhe Method}},
        Year = 2019
}


@misc{CPPexp,
 author      ="JLAB Experiment E12-13-008",
 title       ="Measuring the Charged Pion Polarizability in the $\gamma \gamma \rightarrow \pi^+ \pi^-$ Reaction",
 note         ={\\ \url{https://misportal.jlab.org/mis/physics/experiments/viewProposal.cfm?paperId=789}},
 year        ="2013"
}

@article{BEATTIE201824,
title = "Construction and performance of the barrel electromagnetic calorimeter for the GlueX experiment",
journal = "NIM A",
volume = "896",
pages = "24 - 42",
year = "2018",
issn = "0168-9002",
doi = "https://doi.org/10.1016/j.nima.2018.04.006",
url = "http://www.sciencedirect.com/science/article/pii/S0168900218304807",
author = "T.D. Beattie and others",
keywords = "Electromagnetic calorimeter, Sampling calorimeter, Scintillating fibers, Silicon photomultipliers, MPPC, GlueX"
}



@techreport{log3333598,
        Author = {Dalton, M.M.},
        Institution = {Jefferson Lab},
        Month = apr,
        Note = {\url{https://logbooks.jlab.org/entry/3333598}},
        Number = {Log Book Entry 3333598},
        Title = {{Plots of BCAL pedestal width and mean for bias scan at 10 and 18 degrees C}},
        Year = 2015
}       



@techreport{hdnote3844,
        Author = {Zhou, Q.},
        Institution = {IHEP, Chinese Academy of Sciences},
        Month = dec,
        Note = {\url{https://halldweb.jlab.org/doc-private/DocDB/ShowDocument?docid=3844}},
        Number = {GlueX-doc-\textbf{3844}},
        Title = {{Study of photon detection efficiency}},
        Year = 2018
} 

@techreport{hdnote3857,
        Author = {Smith, E.S.},
        Institution = {Jefferson Lab},
        Month = apr,
        Note = {\url{https://halldweb.jlab.org/doc-private/DocDB/ShowDocument?docid=3857}},
        Number = {GlueX-doc-\textbf{3857}},
        Title = {{Toy MC Study of Photon Reconstruction Efficiency using $\cos{\theta}$ Method}},
        Year = 2019
} 

@techreport{hdnote4025,
        Author = {Zarling, J.},
        Institution = {Indiana University},
        Month = may,
        Note = {\url{https://halldweb.jlab.org/doc-private/DocDB/ShowDocument?docid=4025}},
        Number = {GlueX-doc-\textbf{4025}},
        Title = {{Calorimeter Efficiency Studies Technical Note}},
        Year = 2019
} 

