% BiBTeX Sample Database

@Preamble{ {\hyphenation{Post-Script Sprin-ger}}
}

@String{AW = {{Ad\-di\-son-Wes\-ley}}}
@String{AW:adr = {Reading, Massachusetts}}
@String{j-TUGboat = {TUGboat}}

}
@Book{leader,
     author    = "Leader, E.",
     title     = "Spin in Particle Physics",
     publisher = "Cambridge University Press",
     address   = "The Edinburgh Building, Cambridge CB2 2RU, UK",
     year      = "2005" 
}


@misc{BDX_Oct14,
        Author = {Battaglieri, M.},
        Institution = {INFN-GE Italy},
        Month = oct,
        Note = {\url{http://wiki.ge.infn.it/hps/images/9/93/Bdx-hps-nov14.pdf}, p. 12 and 18},
        Title = {BDX Dark matter search in a Beam Dump eXperiment at Jefferson Lab: an update},
        Year = 2014
}	

@techreport{log3681398,
        Author = {Smith, E.S.},
        Institution = {Jefferson Lab},
        Month = may,
        Note = {\url{https://logbooks.jlab.org/entry/3681398}},
        Number = {Log Book Entry 3681398},
        Title = {{Followup: Photon Efficiencies with Costhe Method}},
        Year = 2019
}
 
@misc{CPPexp,  
 author      ="JLAB Experiment E12-13-008",
 title       ="{Measuring the Charged Pion Polarizability in the $\gamma \gamma \rightarrow \pi^+ \pi^-$ Reaction}",
 note         ={\\ \url{https://misportal.jlab.org/mis/physics/experiments/viewProposal.cfm?paperId=789}},
 year        ="2013"
}

@misc{NPPexp,  
 author      ="JLAB Experiment E12-13-008A",
 title       ="{Measuring the Neutral Pion Polarizability}",
 note         ={\\ \url{https://misportal.jlab.org/mis/physics/experiments/viewProposal.cfm?paperId=999}},
 year        ="2020"
}

@techreport{hdnote5080,
        Author = {Miskimen, R. and Schick, A.},
        Institution = {University of Massachusetts, Amhurst},
        Month = apr,
        Note = {\url{https://halldweb.jlab.org/doc-public/DocDB/ShowDocument?docid=5080}},
        Number = {GlueX-doc-\textbf{5080}},
        Title = {{Overview of MWPC Construction for the Charged Pion Polarizability Experiment (CPP) at Jefferson Lab}},
        Year = 2021
} 


@techreport{hdnote2274,
        Author = {Jarvis, N. and others},
        Institution = {Carnegie Mellon University},
        Month = feb,
        Note = {\url{https://halldweb.jlab.org/doc-public/DocDB/ShowDocument?docid=2274}},
        Number = {GlueX-doc-\textbf{2274}},
        Title = {{FADC125 Operation and Data Format Requirement V10}},
        Year = 2021
} 
